@manual{jdrp-starwars,
      title = "Star Wars Redemption",
      author = "Marthym",
      url = "https://github.com/Marthym/jdrp-sw-redemption",
      year = "2016",
      version = "v1.0.0"
}

@online{website:starwars-universe,
      title = "Starwars Universe",
      url = "http://www.starwars-universe.com",
      year = "2016"
}

@online{website:starwars-holonet,
      title = "Starwars Holonet",
      year = "2016",
      url = "http://www.starwars-holonet.com"
}

@manual{starwars-reloaded,
      author = "Wild",
      title = "Star Wars Reloaded v2.0",
      month = "08",
      year = "2006",
      url = "http://wildfiles.perso.sfr.fr/downloads/Star%20Wars%20Reloaded%20V2.pdf"
}

@manual{starwars-unchained,
      author = "SASMIRA",
      title = "Starwars Unchained v1.7a",
      month = "02",
      year = "2015",
      url = "http://savage.torgan.net/episode-i-star-wars-unchained-c-est-parti"
}

@manual{savage-worlds,
      author = "Shane Lacy Hensley",
      title = "Savage Worlds",
      edition = "Pinnacle Entertainment",
      year    = "2015",
      url = "http://www.black-book-editions.fr/catalogue.php?id=58"
}

@booklet{torgan-savage-perso,
      title   = "Fiche de Personnage",
      author  = "JRevita",
      edition = "savage.torgan.net",
      year    = "2013",
      url     = "http://savage.torgan.net/feuille-de-personnage-g%C3%A9n%C3%A9rique-et-%C3%A9ditable#ob-comment-ob-comment-89693194"
}

@booklet{sw-testdriverules,
      title   = "Savage World - Test drive rules",
      author  = "Shane Lacy Hensley",
      edition = "Pinnacle Entertainment",
      year    = "2015",
      note    = "https://s3-us-west-2.amazonaws.com/peg-freebies/TD06.pdf"
}

@online{website:dnd,
      author = {evanbergeron},
      title = {DND-5e-LaTeX-Template},
      month = {08},
      year = {2016},
      url = "https://github.com/evanbergeron/DND-5e-LaTeX-Template"
}

@online{website:michelefrigo-deviantart,
      author = "michelefrigo",
      title = "Sheeya the Jedi Knight",
      month = "11",
      year = "2011",
      url = "http://michelefrigo.deviantart.com/art/Sheeya-the-Jedi-Knight-267771446"
}

@online{website:acaciathorn-deviantart,
      author = "acaciathorn",
      title = "Smoke and Mirrors",
      month = "10",
      year = "2016",
      url = "http://acaciathorn.deviantart.com/art/Smoke-and-Mirrors-639781873"
}

@online{website:maxxdick-deviantart,
      author = "maxxdick",
      title = "Comm: Palgarer",
      month = "10",
      year = "2016",
      url = "http://maxxdick.deviantart.com/art/Comm-Palgarer-640706289"
}

@online{website:sw-name-generator,
      author = "Dan Swensen",
      title = "StarWars: Random name generator",
      month = "09",
      year = "2010",
      url = "http://www.dimfuture.net/starwars/random/generate.php"
}

@online{website:rymin07-deviantart,
      author = "rymin07",
      title = "Starwars Redesign Final",
      month = "01",
      year = "2016",
      url = "http://rymin07.deviantart.com/art/Starwars-Redesign-Final-587437314"
}

@online{website:scruffyronin-deviantart,
      author = "scruffyronin",
      title = "Miraluka",
      month = "08",
      year = "2012",
      url = "http://scruffyronin.deviantart.com/art/Miraluka-320485063"
}

@online{website:nightwing1975-deviantart,
      author = "nightwing1975",
      title = "chewbacca",
      month = "01",
      year = "2009",
      url = "http://nightwing1975.deviantart.com/art/chewbacca-108373458"
}

@online{website:thedarkestseason-deviantart,
      author = "thedarkestseason",
      title = "Zabrak Gunslinger",
      month = "07",
      year = "2010",
      url = "http://thedarkestseason.deviantart.com/art/Zabrak-Gunslinger-170581815"
}

@online{website:sttheo-deviantart,
      author = "sttheo",
      title = "Mandalorian",
      month = "01",
      year = "2016",
      url = "http://sttheo.deviantart.com/art/Mandalorian-582752593"
}

@online{website:cosedimarco-deviantart,
      author = "cosedimarco",
      title = "Star Wars Classic Landspeeder",
      month = "07",
      year = "2010",
      url = "http://cosedimarco.deviantart.com/art/Star-Wars-Classic-Landspeeder-170253867" 
}

@online{website:thetechromancer-deviantart,
      author = "thetechromancer",
      title = "Star Wars - Peacekeeper (Obi-Wan Kenobi)",
      month = "11",
      year = "2012",
      url = "http://thetechromancer.deviantart.com/art/Star-Wars-Peacekeeper-Obi-Wan-Kenobi-645321898" 
}

@online{website:christopherburdett,
      author = "Christopher Burdett",
      title = "Concussion Rifle",
      month = "01",
      year = "2016",
      url = "http://www.christopherburdett.com" 
}